@incollection{book:pki,
  title={The Siemens PKI—Implementation of PKI Self Services},
  author={von der Heidt, Guido},
  booktitle={Securing Electronic Business Processes},
  pages={204--209},
  year={2004},
  publisher={Springer}
}

@book{book:balzert,
  title={Lehrbuch der Softwaretechnik: Basiskonzepte und Requirements Engineering},
  author={Balzert, H.},
  isbn={9783827422477},
  series={Lehrb{\"u}cher der Informatik},
  year={2010},
  publisher={Spektrum Akademischer Verlag}
}

@book{book:eckert,
  title={IT-Sicherheit: Konzepte - Verfahren - Protokolle},
  author={Eckert, C.},
  isbn={9783486859164},
  series={De Gruyter Studium},
  year={2014},
  publisher={De Gruyter}
}

@BOOK{book:datenbanken,
	AUTHOR = {Heuer, Andreas and Saake, Gunter and Sattler, Kai-Uwe},
	YEAR = {2013},
	TITLE = {Datenbanken: Konzepte und Sprachen},
	ISBN = {9783826695193},
	PUBLISHER = {MITP-Verlags GmbH \& Co. KG},
	ADDRESS = {Heidelberg},
}

@online{www:siemens,
  author = "{Siemens AG}",
  title = {Siemens at a glance},
  year = {2016},
  url = {https://intranet.siemens.com/en/about.html},
  urldate = {2016-04-01}
}

@online{www:scd,
  author = "{Siemens AG}",
  howpublished = {SCD},
  title = {Über uns},
  year = {2015},
  url = {https://scd.siemens.com/info/de/aboutUs.html},
  urldate = {2015-11-12}
}

@online{www:entitlement,
  author = "{Siemens AG}",
  howpublished = {},
  title = {Willkommen beim Siemens Authentication Service},
  year = {2015},
  url = {https://pki.entitlement.siemens.com/SSO/Login?},
  urldate = {2015-12-08}
}

@online{www:layout,
  author = "{Siemens AG}",
  howpublished = {},
  title = {The basic layout principle},
  year = {2016},
  url = {https://brandville.siemens.com/en/home/corporate-design/layout/rules/the-basic-layout-principle.html},
  urldate = {2016-01-03}
}

@misc{ppt:pki,
  author = "{Siemens AG}",
  title = {Siemens PKI},
  year = {2015},
  month = {01},
  note = {Interne Präsentation}
}

@misc{doc:workflowDoc,
  author = "{Siemens AG}",
  title = {Vorgaben für die Dokumentation von Nintex 2007 - 2013 Workflows in SharePoint},
  year = {2013},
  month = {06},
  note = {Interne Richtlinie}
}

@online{www:aboutNintex,
  author = "{Nintex Global Ltd}",
  title = {About Nintex},
  year = {2016},
  url = {http://www.nintex.com/company/about-nintex},
  urldate = {2016-01-27}
}

@online{www:workflowAutomation,
  author = "{Nintex Global Ltd}",
  title = {Was ist Workflow-Automatisierung?},
  year = {2016},
  url = {http://de-de.nintex.com/workflow-automation},
  urldate = {2016-01-27}
}

@online{www:sharepoint,
  author = "{Microsoft Corporation}",
  title = {Was ist SharePoint?},
  year = {2016},
  url = {https://support.office.com/de-de/article/Was-ist-SharePoint-97b915e6-651b-43b2-827d-fb25777f446f},
  urldate = {2016-02-13}
}

@online{www:pkcs,
  author = "{EMC Corporation}",
  title = {PKCS \#11: CRYPTOGRAPHIC TOKEN INTERFACE STANDARD},
  year = {2016},
  url = {http://germany.emc.com/emc-plus/rsa-labs/standards-initiatives/pkcs-11-cryptographic-token-interface-standard.htm},
  urldate = {2016-02-22}
}

@online{www:cobb,
  author = "{Cobb, Clyton}",
  organization = {Microsoft Corporation},
  shorthand = {MSDN10},
  title = {Feeding two Sharepoint lists from an InfoPath form},
  year = {2010},
  url = {https://social.msdn.microsoft.com/Forums/en-US/ec039b4e-3ba0-417e-a123-cfc7cb1408ee/feeding-two-sharepoint-lists-from-an-infopath-form?forum=sharepointcustomizationlegacy},
  urldate = {2016-02-29}
}

@online{www:SOAP,
  author = "{W3C}",
  organization = {World Wide Web Consortium},
  title = {Simple Object Access Protocol (SOAP) 1.1},
  year = {2010},
  url = {https://www.w3.org/TR/2000/NOTE-SOAP-20000508/},
  urldate = {2016-03-07}
}

@techreport{RFC5280,
  author = {D. Cooper and S. Santesson and S. Farrell and S. Boeyen and R. Housley and W. Polk},
  shorthand = {RFC5280},
  title = {Internet X.509 Public Key Infrastructure Certificate and Certificate Revocation List (CRL) Profile},
  howpublished = {Internet Requests for Comments},
  type = {RFC},
  number = {5280},
  year = {2008},
  month = {May},
  issn = {2070-1721},
  publisher = {RFC Editor},
  institution = {RFC Editor},
  url = {http://www.rfc-editor.org/rfc/rfc5280.txt},
  note = {\url{http://www.rfc-editor.org/rfc/rfc5280.txt}},
}

@techreport{RFC6960,
  author = {S. Santesson and M. Myers and R. Ankney and A. Malpani and S. Galperin and C. Adams},
  shorthand = {RFC6960},
  title = {X.509 Internet Public Key Infrastructure Online Certificate Status Protocol - OCSP},
  howpublished = {Internet Requests for Comments},
  type = {RFC},
  number = {6960},
  year = {2013},
  month = {June},
  issn = {2070-1721},
  publisher = {RFC Editor},
  institution = {RFC Editor},
  url = {http://www.rfc-editor.org/rfc/rfc6960.txt},
  note = {\url{http://www.rfc-editor.org/rfc/rfc6960.txt}},
}
